<record><leader>00000cas a22000007a 4500</leader><controlfield tag="001">31021431</controlfield><controlfield tag="008">940827d19101910inuwr ne      0    0eng d</controlfield><datafield ind1=" " ind2=" " tag="010"><subfield code="a">sn 94055023 </subfield></datafield><datafield ind1=" " ind2=" " tag="040"><subfield code="a">NPI</subfield><subfield code="b">eng</subfield><subfield code="c">NPI</subfield><subfield code="d">OCLCQ</subfield><subfield code="d">IUL</subfield><subfield code="d">OCLCF</subfield></datafield><datafield ind1=" " ind2=" " tag="042"><subfield code="a">msc</subfield></datafield><datafield ind1=" " ind2=" " tag="043"><subfield code="a">n-us-in</subfield></datafield><datafield ind1="0" ind2=" " tag="130"><subfield code="a">Democratic herald (Oldenburg, Ind.)</subfield></datafield><datafield ind1="1" ind2="0" tag="245"><subfield code="a">Democratic herald.</subfield></datafield><datafield ind1=" " ind2=" " tag="260"><subfield code="a">Oldenburg, Ind. :</subfield><subfield code="b">Herald Pub. Co.,</subfield><subfield code="c">1910-</subfield></datafield><datafield ind1=" " ind2=" " tag="300"><subfield code="a">v. ;</subfield><subfield code="c">56 cm.</subfield></datafield><datafield ind1=" " ind2=" " tag="310"><subfield code="a">Weekly</subfield></datafield><datafield ind1="0" ind2=" " tag="362"><subfield code="a">Vol. 1, no. 1 (Feb. 11, 1910)-</subfield></datafield><datafield ind1="1" ind2=" " tag="362"><subfield code="a">Ceased with Nov. 4, 1910.</subfield></datafield><datafield ind1=" " ind2=" " tag="500"><subfield code="a">Published as a separate edition of Democratic herald (Batesville, Ind.).</subfield></datafield><datafield ind1=" " ind2="0" tag="651"><subfield code="a">Oldenburg (Ind.)</subfield><subfield code="v">Newspapers.</subfield></datafield><datafield ind1=" " ind2="0" tag="651"><subfield code="a">Franklin County (Ind.)</subfield><subfield code="v">Newspapers.</subfield></datafield><datafield ind1=" " ind2="7" tag="651"><subfield code="a">Indiana</subfield><subfield code="z">Franklin County.</subfield><subfield code="2">fast</subfield><subfield code="0">(OCoLC)fst01218137</subfield></datafield><datafield ind1=" " ind2="7" tag="651"><subfield code="a">Indiana</subfield><subfield code="z">Oldenburg.</subfield><subfield code="2">fast</subfield><subfield code="0">(OCoLC)fst01249138</subfield></datafield><datafield ind1=" " ind2="7" tag="655"><subfield code="a">Newspapers.</subfield><subfield code="2">fast</subfield><subfield code="0">(OCoLC)fst01423814</subfield></datafield><datafield ind1=" " ind2=" " tag="752"><subfield code="a">United States</subfield><subfield code="b">Indiana</subfield><subfield code="c">Franklin</subfield><subfield code="d">Oldenburg.</subfield></datafield><datafield ind1="0" ind2=" " tag="775"><subfield code="t">Democratic herald (Batesville, Ind.)</subfield><subfield code="w">(DLC)sn 85047756</subfield><subfield code="w">(OCoLC)11876375</subfield></datafield></record>